@INPROCEEDINGS{Teddiman2009,
  author = {Teddiman, Laura},
  title = {Contextuality and Beyond: {I}nvestigating an Online Diary Corpus.},
  booktitle = {ICWSM},
  year = {2009},
  editor = {Adar, Eytan and Hurst, Matthew and Finin, Tim and Glance, Natalie
	S. and Nicolov, Nicolas and Tseng, Belle L.},
  publisher = {The AAAI Press},
  added-at = {2010-08-18T00:00:00.000+0200},
  biburl = {http://www.bibsonomy.org/bibtex/224827c0a28338f202944751097b12fb8/dblp},
  crossref = {conf/icwsm/2009},
  interhash = {4eb411f3f26c82e6908c5b3c29b55d39},
  intrahash = {24827c0a28338f202944751097b12fb8},
  isbn = {978-1-57735-421-5},
  keywords = {dblp},
  timestamp = {2010-08-18T00:00:00.000+0200},
  url = {http://dblp.uni-trier.de/db/conf/icwsm/icwsm2009.html#Teddiman09}
}

@BOOK{Almasi2003,
  title = {Teaching Strategic Processes In Reading},
  publisher = {The Guilford Press},
  year = {2003},
  author = {Almasi, Janice F.},
  address = {New York},
  shorttitle = {Teaching Strategic Processes In Reading}
}

@BOOK{Bodrova2007,
  title = {Tools of the Mind: {T}he {V}ygotskian approach to early childhood
	education},
  publisher = {Pearson Education},
  year = {2007},
  author = {Bodrova, E. and Leong, D. J},
  address = {Upper Saddle River: New Jersey},
  edition = {2},
  owner = {Rinker},
  timestamp = {2012.04.07}
}

@BOOK{Bruner1986,
  title = {Actual minds, possible worlds},
  publisher = {Harvard University Press},
  year = {1986},
  author = {Bruner, J.},
  address = {Cambridge, MA},
  owner = {trinker},
  timestamp = {2013.02.10}
}

@BOOK{Cazden1988,
  title = {Classroom Discourse: {T}he language of Teaching and Learning},
  publisher = {Heinmann},
  year = {1988},
  author = {Cazden, C.},
  address = {Portsmouth: NH},
  owner = {trinker},
  timestamp = {2012.08.15}
}

@ARTICLE{Clark2005,
  author = {Clark, K. F. and Graves, M. F.},
  title = {Scaffolding student's comprehension of text},
  journal = {The Reading Teacher},
  year = {2005},
  volume = {58},
  pages = {570-580},
  number = {6},
  doi = {10.1598/RT.58.6.6},
  owner = {trinker},
  timestamp = {2012.08.14}
}

@ARTICLE{Domingo2011,
  author = {Domingo, M.},
  title = {Analyzing layering in textual design: {A} multimodal approach for
	examining cultural, linguistic, and social migrations in digital
	video},
  journal = {International Journal of Social Research Methodology},
  year = {2011},
  volume = {14},
  pages = {219-230},
  number = {3},
  doi = {10.1080/13645579.2011.563619},
  owner = {trinker},
  timestamp = {2013.02.18}
}

@comment{jabref-meta: selector_review:}

@comment{jabref-meta: selector_publisher:}

@comment{jabref-meta: selector_author:}

@comment{jabref-meta: selector_journal:}

@comment{jabref-meta: selector_keywords:}

